% nonrefereed papers
% Stock94b,Stock96,Stock96a,Stock04,Stock04a,Backus08a,Nguyen09,Stock12 

%
@string{ACE={Angew. Chem. Int. Ed. Engl.}}
@string{ACR={Acc. Chem. Res.}}
@string{ARPC={Annu. Rev. Phys. Chem.}}
@string{ACP={Adv. Chem. Phys.}}
@string{AP={Ann. Rhys.}}
@string{BBA={Biochimica et Biophysica Acta}}
@string{BJ={Biophys. J.}}
@string{CP={Chem. Phys.}}
@string{CPC={Comp. Phys. Comm.}}
@string{CPL={Chem. Phys. Lett.}}
@string{CR={Chem. Rev.}}
@string{CSR={Chem. Soc. Rev.}}
@string{FD={Faraday Discuss.}}
@string{IJC={Israel J. Chem.}}
@string{JACS={J. Am. Chem. Soc.}}
@string{JAIDS={J. ACQ. IMMUN. DEF. SYND.}}
@string{JCP={J. Chem. Phys.}}
@string{JCC={J. Comput. Chem.}}
@string{JOSAB={J. Opt. Soc. Am. B}}
@string{JPC={J. Phys. Chem.}}
@string{JPCA={J. Phys. Chem. A}}
@string{JPCB={J. Phys. Chem. B}}
@string{JPSJ={J. Phys. Soc. Japan}}
@string{JMC={J. Med. Chem.}}		  
@string{JMP={J. Math. Phys.}}		  
@string{JMS={J. Mol. Biol.}}		  
@string{JMS={J. Mol. Struct.}}		  
@string{JPPA={J. Photochem. Photobiol.}}		  
@string{JRS={J. Raman Spectrosc.}}		  
@string{JSM={J. Sov. Math.}}
@string{JCTC={J. Chem. Theo. Comp.}}
@string{LMP={Lett. Math. Phys.}}		  
@string{MP={Mol. Phys.}}
@string{N={Nature (London)}}
@string{NCTL={Nachr. Chem. Tech. Lab}}
@string{NAR={Nucl. Acids Res.}}
@string{P={Proteins}}
@string{PCCP={Phys. Chem. Chem. Phys.}}
@string{PNAS={Proc. Natl. Acad. Sci. USA}}
@string{PR={Phys. Rev.}}
@string{PRp={Phys. Rep.}}
@string{PRA={Phys. Rev. A}}
@string{PRB={Phys. Rev. B}}
@string{PRE={Phys. Rev. E}}
@string{PRL={Phys. Rev. Lett.}}
@string{PRS={Proc. Roy. Soc. (London)}}
@string{PCPS={Proc. Camb. Philos. Soc.}}
@string{RMP={Rev. Mod. Phys.}}
@string{S={Science}}
@string{ZP={Z. Phys.}}
@string{ZPB={Z. Phys. B}}
@string{ZN={Z. Naturforsch.}}


@article{Stock88,
author="G.~Stock and W.~Domcke",
title="Model  studies  on   the  time-resolved  measurement   of 
       excited-state vibrational dynamics and vibronic coupling",
journal=CP, volume=124, year=1988, pages=227}
		  
@article{Stock89,
author="G.~Stock and R.~Schneider and W.~Domcke",
title="Theoretical  studies   on   the   femtosecond   real-time measurement 
       of ultrafast electronic decay in polyatomic molecules",
journal=JCP, volume=90, year=1989, pages=7184}
		  
@article{Stock90,
author="G.~Stock and W.~Domcke",
title="Theory  of   femtosecond  pump-probe spectroscopy of ultrafast 
internal conversion processes in polyatomic molecules",
journal=JOSAB, volume=7, year=1990, pages=1970}
		  
@article{Stock90a,
author="G.~Stock and W.~Domcke",
title="Theory of  resonance  Raman scattering  and fluorescence 
        from strongly vibronically  coupled  excited-states  of  
       polyatomic  molecules",
journal=JCP, volume=93, year=1990, pages=5496}
		  
@article{Stock92,
author="G.~Stock and W.~Domcke",
title="Detection of  ultrafast  molecular excited-state  dynamics
       with time- and frequency-resolved pump-probe spectroscopy",
journal=PRA, volume=45, year=1992, pages=3032}
		  
@article{Seidner92,
author="L.~Seidner and G.~Stock and A.~L.~Sobolewski and W.~Domcke",
title="{\em Ab  initio} characterization of the S1-S2 conical intersection 
       in pyrazine  and calculation of spectra",
journal=JCP, volume=96, year=1992, pages=5298}
		  
@article{Stock92a,
author="G.~Stock and W.~H.~Miller",
title="A classical model for time- and  frequency-resolved
       spectroscopy of nonadiabatic excited-state dynamics",
journal=CPL, volume=197, year=1992, pages=396}
		  
@article{Stock92b,
author="G.~Stock and C.~Woywod and W.~Domcke",
title="Model  study on  the  real-time  detection  of  ultrafast nonadiabatic
       dynamics  associated with  the  Wulf-Cappuis  bands  of ozone",
journal=CPL, volume=200, year=1992, pages=163}
		  
@article{Stock93,
author="G.~Stock and W.~H.~Miller",
title="Classical formulation of the spectroscopy of nonadiabatic 
       excited-state dynamics",
journal=JCP, volume=99, year=1993, pages=1545}
		  
@article{Stock93a,
author="G.~Stock and W.~Domcke",
title="Femtosecond spectroscopy of ultrafast nonadiabatic excited-state
       dynamics on the basis of {\em ab initio} potential-energy 
       surfaces: the {$S_2$} state of pyrazine",
journal=JPC, volume=97, year=1993, pages=12466}
		  
@article{Stock94,
author="G.~Stock",
title="Classical description of ultrafast internal 
       conversion processes. The benzene cation",
journal=CPL, volume=224, year=1994, pages=131}
		  
@article{Stock94a,
author="G.~Stock",
title="Photoinduced large amplitude dynamics as mechanism 
       for pure electronic dephasing  and its manifestation 
       in cw and time-resolved spectroscopy",
journal=JCP, volume=101, year=1994, pages=246}
		  
% nonrefereed paper
@inbook{Stock94b,
author=    "G.~Stock and L.~Seidner and W.~Domcke",
editor=    "P.~F.~Barbara and W.~H.~ Knox and G.~A.~Mourou and A.~H.~Zewail",
title=     "Ultrafast Phenomena",
volume=    9, pages=512,
publisher= "Springer", address= {Heidelberg}, year= 1994}

@article{Seidner94,
author="L.~Seidner and G.~Stock and W.~Domcke",
title="Model studies on femtosecond spectroscopy of multidimensional
       photoisomerization and internal-conversion dynamics:
       A nonperturbative approach",
journal=CPL, volume=228, year=1994, pages=665}
		  
@article{Stock95,
author="G.~Stock",
title="A semiclassical self-consistent-field approach to
       dissipative dynamics: The spin-boson problem",
journal=JCP, volume=103, year=1995, pages=1561}
		  
@article{Stock95a,
author="G.~Stock",
title="A semiclassical self-consistent-field approach to
       dissipative dynamics: {II. Internal} conversion processes",
journal=JCP, volume=103, year=1995, pages=2888}
		  
@article{Stock95b,
author="G.~Stock",
title="A nonperturbative generalized master equation for the
       spin-boson problem",
journal=PRE, volume=51, year=1995, pages=3038}
		  
@article{Seidner95,
author="L.~Seidner and G.~Stock and W.~Domcke",
title= "Nonperturbative approach to femtosecond spectroscopy:
        General theory and application to multidimensional
        nonadiabatic photoisomerization processes",
journal=JCP, volume=103, year=1995, pages=3998}
		  
@article{Stock95c,
author="G.~Stock and C.~Woywod and W.~Domcke and T.~Swinney and B.~S.~Hudson",
title="Resonance Raman spectroscopy of the $S_1$ and $S_2$ states of pyrazine:
       Experiment and first principles calculation of spectra",
journal=JCP, volume=103, year=1995, pages=6851}
		  
@article{Stock95d,
author="G.~Stock",
title="Classical description of nonadiabatic photoisomerization processes
       and their real-time detection via femtosecond spectroscopy",
journal=JCP, volume=103, year=1995, pages=10015}
		  
%nonrefereed
@inbook{Stock96,
author=    "G.~Stock",
editor=    "M.~Chergui",
title=     "Femtochemistry: Ultrafast Chemical and Physical Processes
            in Molecular Systems",
pages=596,
publisher= "World Scientific", address= {Singapore}, year= 1996}

%nonrefereed
@inbook{Stock96a,
author=    "G.~Stock and C.~Woywod and W.~Domcke",
editor=    "S.~A.~Asher and P.~B.~Stein",
title=     "XVth International Conference on Raman Spectroscopy",
pages=58,
publisher= "Wiley", address= {New York}, year= 1996}

@article{Stock97,
author="G.~Stock and M.~Thoss",
title="Semiclassical Description of Nonadiabatic Quantum Dynamics",
journal=PRL, volume=78, year=1997, pages=578}
		  
@article{Domcke97,
author="W.~Domcke and G.~Stock",
title="Theory of ultrafast nonadiabatic excited-state processes
       and their spectroscopic detection in real time",
journal=ACP, volume=100, year=1997, pages={1-169}}
		  
@article{Wolfseder97,
author="B.~Wolfseder and L.~Seidner and G.~Stock and W.~Domcke",
title= "Femtosecond pump-probe spectroscopy of electron-transfer
        systems: A nonperturbative approach",
journal=CP, volume=217, year=1997, pages=275}
		  
@article{Mueller97,
author="U. {M\"uller} and G.~Stock",
title="Surface-hopping modeling of photoinduced relaxation
       dynamics on coupled potential-energy surfaces",
journal=JCP, volume=107, year=1997, pages=6230}
		  
@article{Mueller98,
author="U. {M\"uller} and G.~Stock",
title="Consistent treatment of quantum-mechanical and classical
       degrees of freedom in mixed quantum-classical simulations",
journal=JCP, volume=108, year=1998, pages=7516}
		  
@article{Wolfseder98,
author="B.~Wolfseder and L.~Seidner and G.~Stock and W.~Domcke
	and M.~Seel and S.~Engleitner and W.Zinth",
title= "Vibrational coherence in ultrafast electron-transfer dynamics of
        oxazine 1 in N,N-dimethylaniline: 
        Simulation of a femtosecond pump-probe experiment",
journal=CP, volume=233, year=1998, pages=323}
		  
@article{Hahn98,
author="S. Hahn and G. Stock",
title= "Efficient calculation of time- and frequency-resolved spectra:
  A mixed nonperturbative/perturbative approach",
journal=CPL, volume=296, year=1998, pages=137}

@article{Thoss99,
author="M.~Thoss and G.~Stock",
title= "Mapping approach to the semiclassical description
       of nonadiabatic quantum dynamics",
journal=PRA, year={1999}, volume=59, pages=64}
		  

@article{Stock99,
author="G.~Stock and U. {M\"uller}",
title="Flow of zero-point energy and exploration of phase space
       in classical simulations of quantum relaxation dynamics",
journal=JCP, volume=111, year=1999, pages=65}
		  
@article{Mueller99,
author="U. {M\"uller} and G.~Stock",
title="Flow of zero-point energy and exploration of phase space
       in classical simulations of quantum relaxation dynamics
       {II}: Application to nonadiabatic processes",
journal=JCP, volume=111, year=1999, pages=77}
		  
@article{Hahn00,
author="S. Hahn and G. Stock",
title= "Quantum-mechanical modeling of the femtosecond
isomerization in rhodopsin",
journal=JPCB, volume=104, year=2000, pages=1146}

		  
%		  
@article{Dilthey00,
author="S. Dilthey and S. Hahn and G. Stock",
title= "Approximate calculation of femtosecond pump-probe 
        spectra monitoring nonadiabatic excited-state dynamics",
journal=JCP, volume=112, year=2000, pages=4910}
		  
%		  
@article{Thoss00,
title= "Semiclassical description of nonadiabatic quantum dynamics:
Application to the {$S_1$-$S_2$} conical intersection in pyrazine",
author="M. Thoss and W. H. Miller and G. Stock",
journal=JCP, volume=112, year=2000, pages=10282}
		  
%		  
@article{Hahn00a,
author="S. Hahn and G. Stock",
title= "Femtosecond secondary emission arising from the
nonadiabatic photoisomerization in rhodopsin",		  
journal=CP, volume=259, year=2000, pages=297}
		  
%		  
@article{Santer01,
author="M. Santer and U. Manthe and G. Stock",
title= "Quantum-classical Liouville description of multidimensional
  nonadiabatic molecular dynamics",		  
journal=JCP, volume=114, year=2001, pages=2001}

%		  
@article{Hahn01,
author="S. Hahn and G. Stock",
title= "Theoretical description of secondary-emission spectra monitoring
nonadiabatic isomerization processes",		  
journal=JPCA, volume=105, year=2001, pages={2626--2633}}
%http://pubs.acs.org/CHECKCCIP-993891994/isubscribe/journals/jpcafh/jtext.cgi?jpcafh/105/i12/abs/jp003788g.html		  
%		  
@article{Woutersen01,
author="S. Woutersen and Y. Mu and G. Stock and P. Hamm",
title= "Hydrogen-Bond Lifetime Measured by Time Dependent {2D-IR}
Spectroscopy: N-Methylacetamide in Methanol",
journal=CP, volume=266, year=2001, pages={137--147}}
%http://www.elsevier.nl/gej-ng/10/14/29/64/29/26/abstract.html

%%		  
@article{Hahn01a,
author="S. Hahn and G. Stock",
title= "Efficient calculation of femtosecond ionization spectra",
journal=PCCP, volume=3, year=2001, pages=2331}
 	  
%		  
@article{Woutersen01a,
author="S. Woutersen and Y. Mu and G. Stock and P. Hamm",
title= "{Subpicosecond Conformational Dynamics of Small Peptides Probed 
by Two-dimensional Vibrational Spectroscopy}",
journal=PNAS, volume=98, year=2001, pages=11254}
%	http://www.pnas.org/cgi/content/abstract/98/20/11254?maxtoshow=&HITS=10&hits=10&RESULTFORMAT=&author1=woutersen&searchid=QID_NOT_SET&stored_search=&FIRSTINDEX=0	
  
@article{Dilthey01,
author="S. Dilthey and G. Stock",
title= "Periodic Orbit Description of Nonadiabatic Quantum Dynamics",
journal=PRL, volume=87, year=2001, pages=140404}
		  
@article{Dilthey02,
author="S. Dilthey and B. Mehlig and G. Stock",
title= "Classical phase-space analysis of vibronically coupled systems",
journal=JCP, volume=116, year=2002, pages=69}
		  
@article{Hahn02,
author="S. Hahn and G. Stock",
title= "Ultrafast {\em cis-trans} photoswitching: A model study",
journal=JCP, volume=116, year=2002, pages=1085}
 	  
@article{Mu02,
author="Y. Mu and G. Stock",
title= "Conformational dynamics of trialanine in water:
A molecular dynamics study",
journal=JPCB, volume=106, year=2002, pages=5294}
		  
@article{Dilthey02a,
author="S. Dilthey and G. Stock",
title= "Periodic-orbit analysis of coherent electron-transfer 
        femtosecond experiments",
journal=JPCA, volume={106}, year=2002, pages= {8483}}

@article{Dilthey02b,
author="S. Dilthey and G. Stock",
title= "Classical description of the level density and the relaxation 
       behavior of multi-dimensional molecular curve-crossing systems",
journal=IJC, volume= {42}, year=2002, pages={203} }

%		  
@article{Woutersen02,
author="S. Woutersen and R. Pfister and P. Hamm 
        and Y. Mu and D. Kosov and G. Stock",
title= "Peptide conformational heterogeneity revealed from nonlinear 
        vibrational spectroscopy and molecular dynamics simulations",
journal=JCP, volume={117}, year=2002, pages={6833}}

@article{Mu03,
author="Y. Mu and D. S. Kosov and G. Stock",
title= "Conformational Dynamics of Trialanine in Water {II}:
        Comparison of {AMBER, CHARMM, GROMOS,} and {OPLS} Force Fields
        to {NMR} and Infrared Experiments",
journal=JPCB, volume={107} , year=2003, pages={5064} }
		  
@article{Balzer03,
author="B. Balzer and S. Dilthey and S. Hahn and M. Thoss and G. Stock",
title= "Quasiperiodic orbit analysis of nonadiabatic {\em
        cis-trans} photoisomerization dynamics",
journal=JCP, volume= {119}, year=2003, pages={4204} }

@article{Balzer03a,
author="B. Balzer and S. Dilthey and G. Stock and M. Thoss",
title= "Quasiclassical and semiclassical wave-packet dynamics 
        in periodic potentials",
journal=JCP, volume= {119}, year={2003}, pages={5795} }

@article{Balzer03b,
author="B. Balzer and S. Hahn and G. Stock",
title= "Mechanism of a photochemical funnel:
A dissipative wave-packet dynamics study",
journal=CPL, volume={379}, year=2003, pages={351}}
% http://authors.elsevier.com/sd/article/S0009261403014611
	  
@article{Nguyen03,
author="P. H. Nguyen and G. Stock",
title= "Nonequilibrium molecular-dynamics study of the vibrational energy
  relaxation of peptides in water",
journal=JCP, volume={119}, year=2003, pages= {11350}}

% nonrefereed papers
@inbook{Stock04,
author=    "G. Stock and M. Thoss",
editor=    "W. Domcke and D. R. Yarkony and H. {K\"oppel}",
title=     {Conical Intersections, 
            {\rm Chapter on}
            ``Mixed quantum-classical description of 
            the dynamics at conical intersections''},
pages="619",
publisher= "World Scientific", address= {Singapore}, year= 2004}

% nonrefereed papers
@inbook{Stock04a,
author=    "G. Stock and W. Domcke",
editor=    "W. Domcke and D. R. Yarkony and H. {K\"oppel}",
title=     {Conical Intersections,
            {\rm Chapter on}
            ``Femtosecond time-resolved spectroscopy 
       of the dynamics at conical intersections''},
pages="739",
publisher= "World Scientific", address= {Singapore}, year= 2004}


@article{Schiemann04,
author="O. Schiemann and N. Piton and Y. Mu and G. Stock 
and J. Engels and T. F. Prisner",
title= "A {PELDOR} Based Nanometer Distance Ruler for Oligonucleotides",
journal=JACS, volume={126}, year=2004, pages= {5722}}

@article{Balzer04,
author="B. Balzer and G. Stock",
title= "Transient spectral features of a cis-trans 
photoreaction in the condensed phase: A model study", 
journal=JPCA, volume={108}, year=2004, pages={6464}}

@article{Balzer05,
author="B. Balzer and G. Stock",
title= "Modeling of decoherence and dissipation in nonadiabatic
  photoreactions by an effective-scaling nonsecular Redfield algorithm", 
journal=CP, volume={310}, year={2005}, pages={33-41}}

@article{Mu05,
author="Y. Mu and P. H. Nguyen and G. Stock",
title= "Energy Landscape of a Small Peptide Revealed by
Dihedral Angle Principal Component Analysis",
journal=P, volume={58} , year=2005, pages={45 - 52} }

@article{Stock05,
author=" G. Stock and M. Thoss",
title= "Classical Description of Nonadiabatic Quantum Dynamics",
journal=ACP, volume={131}, year=2005, pages= {243-375}}

@article{Stock05a,
author=" G. Stock",
title= "{Trendbericht: Quantendynamik komplexer Systeme}",
journal={Nachrichten aus der Chemie}, volume={53}, year=2005, pages= {288}}

@article{Gorbunov05,
author=" R. D. Gorbunov and D. S. Kosov and G. Stock",
title= "Ab initio-based exciton model of amide {I} vibrations in peptides:
Definition, conformational dependence, and transferability",
journal=JCP, volume={122}, year=2005, pages= {224904}}

@article{Nguyen05,
author="P. H. Nguyen and Y. Mu and G. Stock",
title= "Structure and Dynamics of a photoswitchable peptide: 
A Replica Exchange Molecular Dynamics Study",
journal=P, volume={60}, year=2005, pages= {485-494}}

@article{Koplin05,
author="J. Koplin and Y. Mu and C. Richter and H. Schwalbe and G. Stock",
title= "Structure and dynamics of an {RNA} tetraloop:
        A joint molecular-dynamics/{NMR} study",
journal={Structure}, volume={13}, year=2005, pages={1255-1267}}

@article{Piton05,
author="N. Piton and O. Schiemann and Y. Mu and G. Stock 
 and T. F. Prisner and J. Engels",
title= "{Synthesis of spin labeled RNA's for long range distance 
measurements by PELDOR}", 
journal={Nucleosides, Nucleotides}, volume={24}, year=2005, pages={771-775}} 

@article{Nguyen05a,
author="P. H. Nguyen and G. Stock and  E. Mittag and C.-K. Hu and M. S. Li",
title= "Energy Landscape and Folding Mechanism of a $\beta$-Hairpin: 
A Replica Exchange Molecular Dynamics Study",
journal=P, volume={61}, year=2005, pages= {795-808}}

@article{Mu06,
author="Y. Mu and G. Stock",
title= "Conformational dynamics in {RNA-peptide} binding: 
A molecular dynamics simulation study",
journal=BJ, volume={90} , year=2006, pages={391-399} }

@article{Strodel06,
author="B. Strodel and G. Stock",
title= "Quantum modeling of transient infrared spectra
reflecting photoinduced electron-transfer dynamics", 
journal=JCP, volume={124}, year={2006}, pages={114105-114113}}

@article{Stock06,
author="G. Stock and J. Wachtveitl and H. {Grubm\"uller}",
title=     {Special Issue on ``{Nonequilibrium Dynamics in Biomolecules}''},
journal=CP, volume={323}, year=2006, pages= {1}}

@article{Nguyen06,
author="P. H. Nguyen and G. Stock",
title= "Nonequilibrium molecular dynamics simulation of a
  photoswitchable peptide",
journal=CP, volume={323}, year=2006, pages= {36-44}}

@article{Nguyen06a,
author="P. H. Nguyen and  E. Mittag and A.  E. Torda and G. Stock",
title= "Improved Wang-Landau sampling through the use of smoothed potential
energy surfaces",
journal=JCP, volume={124}, year=2006, pages= {154107}}

@article{Mu06a,
author="Y. Mu and P. H. Nguyen and G. Stock",
title= "Reply to the {Comment} on ``{Energy Landscape of a Small Peptide 
Revealed by Dihedral Angle Principal Component Analysis}''",
journal=P, volume={64} , year=2006, pages={798--799} }

@article{Nguyen06b,
author="P. H. Nguyen and R. D. Gorbunov and G. Stock",
title= "Photoinduced conformational dynamics of a photoswitchable peptide:
          A nonequilibrium molecular dynamics simulation study",
journal=BJ, volume={91}, year=2006, pages={1224--1234}}

@article{Uspenskiy06a, 
author="I. Uspenskiy and B. Strodel and G. Stock", 
title= "Classical description of the dynamics and time-resolved
 spectroscopy of nonadiabatic $cis-trans$ photoisomerization", 
journal=CP, volume={329}, year=2006, pages={109--117}}

@article{Villa06,
author="A. Villa and G. Stock",
title= "What NMR relaxation can tell us about the internal motion of an
  RNA hairpin: \\ A molecular dynamics simulation study",
journal=JCTC, volume={2}, year=2006, pages= {1228--1236}}

@article{Uspenskiy06, 
author="I. Uspenskiy and B. Strodel and G. Stock", 
title= "Classical calculation of transient absorption spectra 
monitoring ultrafast electron transfer processes", 
journal=JCTC, volume={2}, year=2006, pages={1605--1617}}

@article{Nguyen07,
author="P. H. Nguyen and M. S. Li and G. Stock 
and J. E. Straub and D. Thirumalai",
title= "Monomer adds to preformed structured oligomers of {A$\beta$-peptides}
by a two-stage dock-lock mechanism",
journal=PNAS, volume={104}, year=2007, pages= {111--116}}

@article{Graf07,
author="J. Graf and P. H. Nguyen and G. Stock and H. Schwalbe",
title= "Structure and dynamics of the homologues series of alanine peptides: 
        A joint molecular-dynamics/{NMR} study",
journal=JACS, volume={129}, year={2007}, pages={1179--1189}}
%	DOI: 10.1021/ja0660406
  
@article{Hegger07,
author="Rainer Hegger and Alexandros Altis and Phuong H. Nguyen and G. Stock",
title= "How Complex is the Dynamics of Peptide Folding?",
journal=PRL, volume={98}, year=2007, pages= {028102}}

@article{Gorbunov07,
author="R. D. Gorbunov and P. H. Nguyen and Maja Kobus and G. Stock",
title= "Quantum-classical description of the amide {I} spectrum of trialanine", 
journal=JCP, volume={126}, year=2007, pages= {054509}}

@article{Gorbunov07a,
author="R. D. Gorbunov and G. Stock",
title= "Ab initio based building block model 
of amide {I} vibrations in peptides",  
journal=CPL, volume={437}, year=2007, pages= {272--276}}

@article{Piton07,
author="N. Piton and O. Schiemann and Y. Mu and G. Stock 
 and T. F. Prisner and J. Engels",
title= "Base-specific spinlabeling of RNA for structure determination", 
journal=NAR, volume={35}, year=2007, pages={3128--3143}}
%doi:10.1093/nar/gkm169

@article{Altis07,
author="Alexandros Altis and Phuong H. Nguyen and Rainer Hegger and G. Stock", 
title= "Dihedral angle principal component analysis of molecular
  dynamics simulations",
journal=JCP, volume={126}, year=2007, pages= {244111}}
%doi:10.1063/1.2746330 
%http://scitation.aip.org/getabs/servlet/GetabsServlet?prog=normal&id=JCPSA6000126000024244111000001&idtype=cvips&gifs=yes

%http://scitation.aip.org/getpdf/servlet/GetPDFServlet?filetype=pdf&id=JCPSA6000126000024244111000001&idtype=cvips&prog=normal

@article{Botan07,
author="Virgiliu Botan and Ellen Backus and Rolf Pfister and 
Alessandro Moretto and Marco Crisma
and Claudio Toniolo and P. H. Nguyen and G. Stock and Peter Hamm",
title= "Energy Transport in Peptide Helices", 
journal=PNAS, volume={104}, year=2007, pages= {12749--12754}}

 
@article{Villa08,
author="A. Villa and E. Widjajakusuma and G. Stock",
title= "Molecular dynamics simulation of the structure, dynamics, and
  thermostability of the {RNA} hairpins {uCACGg and cUUCGg}",
journal=JPCB, volume={112}, year=2008, pages= {134--142}}
%DOI: 10.1021/jp0764337

@article{Ferner08,
author="J. Ferner and A. Villa and E. Durchardt and E. Widjajakusuma 
and G. Stock and H. Schwalbe",
title= "{NMR} and {MD} Studies of the Temperature-Dependent Dynamics 
of {RNA} {YMNG} Tetraloops",
journal=NAR, volume={38}, year=2008, pages={1928--1940}}
	  
@article{Kobus08,
author="M. Kobus and R. D. Gorbunov and P. H. Nguyen and G. Stock",
title= "Nonadiabatic vibrational dynamics and spectroscopy of
peptides: A quantum-classical description", 
journal=CP, volume={347}, year=2008, pages= {208--217}}
%doi:10.1016/j.chemphys.2007.10.034  

@article{Thoss08,
author="M. Thoss and G. Stock and T. Martinez",
title= {Special Issue on ``{Ultrafast photoinduced processes in polyatomic 
molecules: Electronic structure, dynamics and spectroscopy}''},
journal=CP, volume={347}, year=2008, pages= {1-2}}

@article{Stock08,
author="G. Stock and Kingshuk Ghosh and Ken A. Dill",
title= "Maximum Caliber: A variational approach applied to two-state dynamics",
journal=JCP, volume={128}, year=2008, pages= {194102}}

@article{Altis08,
author="Alexandros Altis and Moritz Otten and Phuong H. Nguyen 
and Rainer Hegger and G. Stock", 
title= "Construction of the free energy landscape of
  biomolecules via dihedral angle principal component analysis",
journal=JCP, volume={128}, year=2008, pages= {245102}}
		  		  
@article{Backus08,
author="Ellen Backus and P. H. Nguyen and Virgiliu Botan and Rolf Pfister 
and Alessandro Moretto and Marco Crisma and Claudio Toniolo 
and G. Stock and Peter Hamm",
title= "Energy Transport in Peptide Helices: 
A comparison between {UV} and {IR} pumping", 
journal=JPCB, volume={112}, year=2008, pages= {9091--9099}}
		  
@article{Fujisaki08,
author=" Hiroshi Fujisaki and G. Stock",
title= "Dynamic treatment of vibrational energy relaxation
in a heterogeneous and fluctuating environment",
journal=JCP, volume={129}, year=2008, pages= {134110}}
		  
@article{Yu08,
author="H. Yu and Y. Mu and L. Nordenskiold and G. Stock",
title= "Influence of nitroxide spin labels on {RNA} structure: 
A molecular dynamics simulation study", 
journal=JCTC, volume={4}, year=2008, pages= {1781-1787}}

@article{Backus08b,
author="Ellen Backus and P. H. Nguyen and Virgiliu Botan and Rolf Pfister 
and Alessandro Moretto and Marco Crisma and Claudio Toniolo 
and G. Stock and Peter Hamm",
title= "Structural flexibility of a helical peptide regulates vibrational 
energy transport properties", 
journal=JPCB, volume={112}, year=2008, pages= {15487--15492}}
		  
@article{Hegger09,
author="Rainer Hegger and G. Stock", 
title= "Multidimensional {Langevin} modeling of biomolecular dynamics",
journal=JCP, volume={130}, year=2009, pages= {034106}}
			  
@article{Marko09,
author=" A. Marko and D. Markgraf and H. Yu and Y. Mu and G. Stock 
and T. Prisner", 
title= "Molecular orientation studied by {PELDOR} experiments",
journal=JCP, volume={130}, year=2009, pages= {064102}}

@article{Stock09,
author="G. Stock",
title= "Classical simulation of quantum energy flow in biomolecules",
journal=PRL, volume={102}, year=2009, pages= {118301}}

@article{Fujisaki09,
author=" Hiroshi Fujisaki and Kiyoshi Yagi 
and John E. Straub and G. Stock",
title= "Quantum and classical vibrational relaxation dynamics of 
N-methylacetamide on ab initio potential energy surfaces",
journal={Int. J. Quant. Chem.}, volume={109}, year=2009, pages= {2047--2057}}
		  
%		  
@article{Nguyen09a,
author="P. H. Nguyen and Philippe Derreumaux and G. Stock",
title= "Energy flow and long-range correlations in guanine-binding riboswitch:
A nonequilibrium molecular dynamics study", 
journal=JPCB, volume={113}, year=2009, pages= {9340--9347}}


@article{Villa09,
author="A. Villa and J. {W\"ohnert} and G. Stock",
title= "Molecular dynamics simulation study of the binding of purine bases 
       to the aptamer domain of guanine sensing riboswitch",
journal=NAR, volume={37}, year=2009, pages= {4774--4786 }}
%doi:10.1093/nar/gkp486

@article{Park09,
author="S. M. Park and P. H. Nguyen and G. Stock",
title= "Molecular dynamics simulation of cooling:
Heat transfer from a photoexcited peptide to the solvent",
journal=JCP, volume={131}, year=2009, pages= {184503}}

%nonrefereed
@InCollection{Backus08a,
author="Ellen Backus and P. H. Nguyen and Virgiliu Botan and Rolf Pfister 
and Alessandro Moretto and Marco Crisma and Claudio Toniolo 
and G. Stock and Peter Hamm",
title= "Energy transport in peptide helices around the glass transition", 
editor=  "P. Corkum and S. de Silvestri and K. A. Nelson and E. Riedle and R. W. Schoenlein",
booktitle= "Ultrafast Phenomena",
volume={XVI}, pages={532--534},
publisher= "Springer", address= {Heidelberg}, year=2009}

%nonrefereed
@InCollection{Nguyen09,
author="P. H. Nguyen and Peter Hamm and G. Stock",
title= "Nonequilibrium molecular dynamics simulation of photoinduced
energy flow in peptides: theory meets experiment", 
editor=    "D. Leitner and J. Straub",
booktitle=  "Proteins: Energy, Heat and Signal Flow",
volume={}, year={2009}, pages={151--169},
publisher= {Taylor and Francis/CRC Press}, address= {London}}
%(Computation in Chemistry

@article{Riccardi09,
author="L. Riccardi and P. H. Nguyen and G. Stock",
title= "Free energy landscape of an {RNA} hairpin constructed via
        dihedral angle principal component analysis",
journal=JPCB, volume={113}, year=2009, pages= {16660 - 16668}}

@article{Nguyen10,
author="P. H. Nguyen and S. M. Park and G. Stock",
title= "Nonequilibrium molecular dynamics simulation of the
        energy transport through a peptide helix", 
journal=JCP, volume={132}, year=2010, pages= {025102}}

@article{Kobus10,
author="M. Kobus and P. H. Nguyen and G. Stock",
title= "Infrared signatures of the peptide dynamical transition:
A molecular dynamics simulation study", 
journal=JCP, volume={133}, year=2010, pages= {034512}}

@article{Otten10,
author="M. Otten and G. Stock",
title= "Maximum caliber inference of nonequilibrium processes", 
journal=JCP, volume={133}, year=2010, pages= {034199}}

@article{Jain10,
author=" A. Jain and R. Hegger and G. Stock",
title= "Hidden complexity of protein energy landscape revealed by 
principal component analysis by parts", 
journal={J. Phys. Chem. Lett.}, volume={1}, year=2010, pages= {2769--2773}}

@article{Kobus11,
author="M. Kobus and P. H. Nguyen and G. Stock",
title= "Coherent vibrational energy transfer along a peptide helix", 
journal=JCP, volume={134}, year=2011, pages= {124518}}

%		  
@article{Nguyen11,
author="P. H. Nguyen and Heike Staudt and 
 Josef Wachtveitl and G. Stock",
title= "Real time observation of ultrafast peptide
  conformational dynamics: {MD} simulation vs. {IR} experiment", 
journal=JPCB, volume={115}, year=2011, pages= {13084 - 13092}}
%Publication Date (Web): September 22, 2011 (Article)
%DOI: 10.1021/jp207945p

@article{Kobus11a,
author="M. Kobus and M. Lieder and P. H. Nguyen and G. Stock",
title= "Simulation of transient infrared spectra of a photoswitchable peptide", 
journal=JCP, volume={135}, year={2011}, pages= {225102}}
doi: 10.1063/1.3664747

%nonrefereed
@InCollection{Stock12,
author="G. Stock and A. Jain  and L. Riccardi and P. H. Nguyen",
title= "Exploring the energy landscape of small peptides
and proteins by molecular dynamics simulations",
editor=    "Reinhard Schweitzer-Stenner",
booktitle=  "Protein and Peptide Folding, Misfolding and Non-Folding",
volume={}, year={2012}, pages={57},
publisher= {Wiley}, address= {New York}}


@article{Riccardi12,
author="L. Riccardi and P. H. Nguyen and G. Stock",
title= "Construction of the Free Energy Landscape of Peptide
       Aggregation from Molecular Dynamics Simulations",
journal=JCTC, volume={8}, year=2012, pages= {1471 - 1479}}

@article{Jain12,
author=" A. Jain and G. Stock",
title= "Identifying metastable states of folding proteins", 
journal=JCTC, volume={8}, year=2012, pages= {3810 - 3819}}

@article{Hamm12,
  title = {Vibrational Conical Intersections as a Mechanism 
  of Ultrafast Vibrational Relaxation}, 
  author = {Hamm, Peter and Stock, Gerhard},
  journal = {Phys. Rev. Lett.},
  volume = {109},
  issue = {17},
  pages = {173201},
  numpages = {5},
  year = {2012},
  month = {Oct},
  doi = {10.1103/PhysRevLett.109.173201},
  url = {http://link.aps.org/doi/10.1103/PhysRevLett.109.173201},
  publisher = {American Physical Society}
}


%
% 8 nonrefereed papers
% Stock94b,Stock96,Stock96a,Stock04,Stock04a,Backus08a,Nguyen09,Stock12 
Non-refereed papers up to end of 2012:
%
%%%%%%%%%%%%%%%%%%%%%%%%%%%%%%%%%%%%%%%%%%%%%%%%%%%%%%%%%%%%%%%%%%%%%%%%%
%

@article{Hamm13,
  title = {Vibrational Conical Intersections in the water dimer},
  author = {Hamm, Peter and Stock, Gerhard},
  journal = MP,
  volume = {111},
  pages = {2046},
  year = {2013},
doi = {10.1080/00268976.2013.782438},
URL = {http://www.tandfonline.com/doi/abs/10.1080/00268976.2013.782438},
eprint = {http://www.tandfonline.com/doi/pdf/10.1080/00268976.2013.782438}
}
DOI: 10.1080/00268976.2013.782438

% nonrefereed paper		  
@article{Stock13,
author=" G. Stock and M. Thoss",
title= "Wolfgang Domcke zum 65. Geburtstag",
journal={Bunsenmagazin}, volume={2}, year=2013, pages= {56 - 57}}

@article{Schaudinnus13,
author=" N. Schaudinnus and A. J. Rzepiela and R. Hegger and G. Stock",
title= "Data driven {Langevin} modeling of biomolecular dynamics",
journal=JCP, volume={138}, year=2013, pages= {204106}}

%		  
@article{Sittel14,
author=" Florian Sittel and Abhinav Jain and G. Stock",
title= "Principal component analysis of molecular dynamics:\\
 On the use of Cartesian vs. internal coordinates",
journal=JCP, volume={141}, year=2014, pages= {014111}}
http://dx.doi.org/10.1063/1.4885338

@article{Jain14,
author=" A. Jain and G. Stock",
title= "Hierarchical folding free energy landscape of {HP35}
 revealed by most probable path clustering", 
journal=JPCB, volume={118}, year=2014, pages= {7750 - 7760}}
%DOI: 10.1021/jp410398a

%		  
@article{Buchenberg14,
author=" Sebastian Buchenberg and Volker Knecht and 
Reto Walser and Peter Hamm and G. Stock",
title= "Long-range conformational transition
in a photoswitchable allosteric protein: 
A molecular dynamics simulation study",
journal=JPCB, volume={118}, year=2014, pages= {13468 – 13476}}

@article{Rzepiela14,
author=" A. J. Rzepiela and N. Schaudinnus and S. Buchenberg  
and R. Hegger and G. Stock",
title= "Microsecond peptide dynamics from nanosecond trajectories:
A {Langevin} approach",
journal=JCP, volume={141}, year=2014, pages={241102}}

%		  
@article{Leitner15,
author="David Leitner and Sebastian Buchenberg and Paul Brettl and G. Stock",
title= "Vibrational energy flow in the villin headpiece subdomain: 
Master equation simulations", 
journal=JCP, volume={142}, year=2015, pages= {075101}}
%doi: 10.1063/1.4907881

@article{Buchenberg15,
author="Sebastian Buchenberg and N. Schaudinnus and G. Stock",
title= "Hierarchical biomolecular dynamics: Picosecond hydrogen bonding
regulates microsecond conformational transitions", 
journal=JCTC, volume={11}, year=2015, pages= {1330 – 1336}}

%
%%%%%%%%%%%%%%%%%%%%%%%%%%%%%%%%%%%%%%%%%%%%%%%%%%%%%%%%%%%%%%%%%%%%%%%%%
%

%		  
@article{Buchenberg15a,
author="Sebastian Buchenberg and David Leitner and G. Stock",
title= "Nonequilibrium molecular dynamics simulations 
of energy transport in villin headpiece protein", 
journal={to be published}, volume={}, year=2015, pages= {}}

%		  
@article{Buchenberg15b,
author="Sebastian Buchenberg and Volker Knecht and G. Stock",
title= "Nonequilibrium molecular dynamics simulations of a 
photoswitchable allosteric protein", 
journal={to be published}, volume={}, year=2015, pages= {}}

%		  
@article{Sittel15,
author=" Florian Sittel and G. Stock",
title= "Robust Density-Based Clustering to Identify Metastable 
Conformational States of Proteins",
journal=JCP, volume={}, year=2015, pages= {}}




%
%%%%%%%%%%%%%%%%%%%%%%%%%%%%%%%%%%%%%%%%%%%%%%%%%%%%%%%%%%%%%%%%%%%%%%%%%
%
%		  
@article{Riccardi14,
author="L. Riccardi and E. Durchardt-Ferner and J. {W\"ohnert} and G. Stock",
title= "Functional dynamics of a minimalistic riboswitch:
 A joint {MD}/{NMR} study",
journal=NAR, volume={}, year=2013, pages= {}}
%Ribomysin switch


weitere Paperplaene:

- Norbert/Bjoern dLE2 (evt T scaling)

- David/Basti ET in villin II

- Rainer colored noise
- Hiroshi tier model
- Gerhard vibr dephasing models


%		  
article{,
author=" and G. Stock",
title= "",
journal=CP, volume={}, year=2003, pages= {}}

